@misc{solgel_review,
    note = {B. L. Cushing et al. Recent Advances in the Liquid- Phase Synthesis of Inorganic Nanoparticles. Chem. Rev., 2004, 104 (9), 3893-3946, DOI: 10.1021/cr030027b}
}
